@article{einstein,
  author   = {Albert Einstein},
  title    = {{Zur Elektrodynamik bewegter K{\"o}rper}. ({German})
              [{On} the electrodynamics of moving bodies]},
  journal  = {Annalen der Physik},
  volume   = {322},
  number   = {10},
  pages    = {891--921},
  year     = {1905},
  doi      = {http://dx.doi.org/10.1002/andp.19053221004},
  keywords = {physics}
}

@online{overleaf-hyperlinks,
  author = {Overleaf},
  title  = {Hyperlinks},
  year   = {2025},
  url    = {https://www.overleaf.com/learn/latex/Hyperlinks},
  note   = {Accessed: 2025-07-11}
}

@online{overleaf-headers,
  author = {Overleaf},
  title  = {Headers and footers},
  year   = {2025},
  url    = {https://www.overleaf.com/learn/latex/Headers_and_footers#Reference_guide},
  note   = {Accessed: 2025-07-11}
}

@online{overleaf-colours,
  author = {Overleaf},
  title  = {Using colors in LaTeX},
  year   = {2025},
  url    = {https://www.overleaf.com/learn/latex/Using_colors_in_LaTeX},
  note   = {Accessed: 2025-07-11}
}

@online{overleaf-space,
  author = {Overleaf},
  title  = {How can I double space a document?},
  year   = {2025},
  url    = {https://www.overleaf.com/learn/latex/Questions/How_can_I_double_space_a_document%3F},
  note   = {Accessed: 2025-07-11}
}